
@incollection{bib:Alzate2007:
    author = {Alzate, Mauricio Orozco and Dominguez, German Castellanos},
    title = {Nearest Feature Rules and Dissimilarity Representations for Face Recognition Problems}
    booktitle = {Face Recognition}
    publisher = {InTech}
    pages = {337-357}
    editor = {Kresimir Delac and Mislav Grgic}
    year = {2007}
    ISBN = {978-3-902613-03-5} 
    url = {http://www.intechopen.com/books/face_recognition/nearest_feature_rules_and_dissimilarity_representations_for_face_recognition_problems}
}

@mastersthesis{bib:Kuehn2009,
    address = {Berlin, Germany},
    author = {K\"{u}hn, Jan-Michael},
    keywords = {innovation, music, society},
    month = sep,
    school = {Technische Universit\"{a}t Berlin, Institut f\"{u}r Soziologie},
    title = {{Wie entsteht Neues bei der Produktion elektronischer Tanzmusik?}},
    url = {http://www.ssoar.info/ssoar/View/?resid=7074},
    year = {2009}
}

@article{bib:McLeod2001,
author = {McLeod, Kembrew},
title = {Genres, Subgenres, Sub-Subgenres and More: Musical and Social Differentiation Within Electronic/Dance Music Communities},
journal = {Journal of Popular Music Studies},
volume = {13},
number = {1},
pages = {59-75},
year = {2001}
}